@inproceedings{ ambainis00quantum,
    author = "Andris Ambainis",
    title = "Quantum lower bounds by quantum arguments",
    booktitle = "{ACM} Symposium on Theory of Computing",
    pages = "636-643",
    year = "2000",
    url = "citeseer.nj.nec.com/article/ambainis00quantum.html" }

@inproceedings{ beals98quantum,
    author = "Robert Beals and Harry Buhrman and Richard Cleve and Michele Mosca and Ronald de Wolf",
    title = "Quantum Lower Bounds by Polynomials",
    booktitle = "{IEEE} Symposium on Foundations of Computer Science",
    pages = "352-361",
    year = "1998",
    url = "citeseer.nj.nec.com/article/beals98quantum.html" }

@techreport{ lovasz94evasive,
    author = "L{\'{a}}szl{\'{o}} Lov{\'{a}}sz and Neal Young",
    title = "Lecture Notes on Evasiveness of Graph Properties",
    institution = "Princeton University",
    year = "1994",
    note = "http://ncstrl.cs.princeton.edu/expand.php?id=TR-317-91"}
    
@techreport{ lovasz94complexity,
    author = "L{\'{a}}szl{\'{o}} Lov{\'{a}}sz and P{\'{e}}ter G{\'{a}}cs",
    title = "Computational Complexity",
    institution = "Princeton University",
    year = "1994",
    note = "http://www.uni-paderborn.de/fachbereich/AG/agmadh/Scripts/GENERAL/Evasivness.ps.gz"}

@techreport{ grover00search,
    author = "Grover, Lov K.",
    title = "Searching with Quantum Computers",
    institution = "Bell Labs, 700 Mountain Avenue, Murray Hill NJ 07974",
    year = "2000"}

@inproceedings{ felsner92complexity,
    author = "Stefan Felsner and Dorothea Wagner",
    title = "On the Complexity of Partial Order Properties",
    booktitle = "Workshop on Graph-Theoretic Concepts in Computer Science",
    pages = "225-235",
    year = "1992",
    url = "citeseer.nj.nec.com/article/und99complexity.html" }

@article{ raz97arthurmerlin,
    author = "Ran Raz and Gabor Tardos and Oleg Verbitsky and Nikolai Vereshagin",
    title = "{A}rthur-{M}erlin Games in Boolean Decision Trees",
    journal = "Electronic Colloquium on Computational Complexity (ECCC)",
    volume = "4",
    number = "054",
    year = "1997",
    url = "citeseer.nj.nec.com/raz97arthurmerlin.html" }

@book{ williams98quantum,
    author = "Williams, Colin P. and Clearwater, Scott H.",
    title = "Explorations in Quantum Computing",
    publisher = "Springer-Verlag",
    year = "1998"}

@inbook{ papa94complexity,
    author = "C. Papadimitriou",
    title = "Computational Complexity",
    publisher = "Addison-Welsey",
    year = "1994",
    pages = "36"}

@article{ deutsch85quantum,
    author = "David Deutsch",
    title = "Quantum theory, the {C}hurch-{T}uring principle and the universal quantum computer",
    journal = "Proceedings of the Royal Society of London Ser.~A",
    volume = "A400",
    pages = "97--117",
    year = "1985",
    url = "citeseer.nj.nec.com/deutsch85quantum.html" }

@inproceedings{ grover96fast,
    author = "Lov K. Grover",
    title = "A Fast Quantum Mechanical Algorithm for Database Search",
    booktitle = "{ACM} Symposium on Theory of Computing",
    pages = "212-219",
    year = "1996",
    url = "citeseer.nj.nec.com/grover96fast.html" }

@inproceedings{ shor94algorithms,
    author = "Peter W. Shor",
    title = "Algorithms for Quantum Computation: Discrete Logarithms and Factoring",
    booktitle = "{IEEE} Symposium on Foundations of Computer Science",
    pages = "124-134",
    year = "1994",
    url = "citeseer.nj.nec.com/14533.html" }

@misc{ ibm01shor,
    author = "George Johnson",
    title = "Efforts to Transform Computers Reach Milestone",
    howpublished = "New York Times Newspaper",
    note = "December 20, 2001",
    url = "www.nytimes.com/2001/12/20/science/20QUAN.html"}

@article{ chuang98quantum,
    author = "Gershenfeld, Neil and Chuang, Isaac L.",
    title = "Quantum Computing with Molecules",
    journal = "Scientific American",
    year = "1998",
    month = "June",
    url = "www.sciam.com/1998/0698issue/0698gershenfeld.html"}

@inbook{ patterson98computer,
    author = "Patterson, David A. and Hennessy, John L.",
    title = "Computer Organization and Design",
    pages = "30",
    year = "1998",
    publisher = "Morgan Kaufmann Publishers, Inc."}

@book{ griffiths95quantum,
    author = "Griffiths, D.",
    title = "Introduction to Quantum Mechanics",
    year = "1995",
    publisher = "Prentice Hall"}

@incollection{ berthiaume97quantum,
    author = "Berthiaume, Andr\'{e}",
    title = "Quantum Computation",
    booktitle = "Alan L. Selman, Editor, Complexity Theory Retrospective, In Honor of Juris Hartmanis on the Occasion of His Sixtieth Birthday, July 5, 1988",
    volume = "2",
    year = "1997",
    note = "http://citeseer.nj.nec.com/berthiaume97quantum.html" }




@inproceedings{ brassard97exact,
    author = "Gilles Brassard and Peter Hoyer",
    title = "An Exact Quantum Polynomial-Time Algorithm for Simon's Problem",
    booktitle = "Israel Symposium on Theory of Computing Systems",
    pages = "12-23",
    year = "1997",
    url = "citeseer.nj.nec.com/article/brassard97exact.html" }

@inproceedings{ berthiaume92oracle,
    author = "A.~Berthiaume and Gilles Brassard",
    title = "Oracle quantum computing",
    booktitle = "Proceedings of the Workshop on Physics of Computation: PhysComp '92",
    publisher = "Institute of Electrical and Electronic Engineers Computer Society Press",
    address = "Los Alamitos, CA",
    pages = "195--199",
    year = "1992",
    url = "citeseer.nj.nec.com/article/berthiaume94oracle.html" }
